%start real references

@techreport{fugita-lakhani-1991,
  title={{The Economic and Noneconomic Determinants of Retention in the Reserve/Guard Units}},
  author={Fugita, Stephen S and Lakhani, Hyder A},
  year={1991},
  institution={U.S. Army Research Institute},
  address={Alexandria, VA},
  type={{Research Report 1585}}
}
%regression estimation of retention intention of guard/reserve;
%spouses attitude toward retention significantly affect decision

@article{capon-etal-2007,
  title={{Applicability of Civilian Retention Theory in the New Zealand Military}},
  author={Capon, John and Chernyshenko, Oleksandr S and Stark, Stephen},
  journal={New Zealand Journal of Psychology},
  volume={36},
  number={1},
  pages={50},
  year={2007},
  publisher={New Zealand Psychological Society}
}

%apply civilian retention theory to NZ military; work satisfaction
%community identification, organizational commitment leading factors 
%in predicting intention to remain; increased tolerance of work-family 
%conflict in military; 

@book{kane-2012, 
  place={New York}, 
  title={Bleeding Talent: How the US Military Mismanages Great Leaders and Why It's Time for a Revolution}, 
  publisher={Palgrave Macmillan}, 
  author={Kane, Tim}, 
  year={2012}}

%Kane argues that military mismanages its personnel by ignoring merit, %or rather not rewarding it nearly as well as the market does 

@mastersthesis{barrows-1993,
  title={{Air Force Pilot Retention: An Economic Analysis}},
  author={Barrows, Stephen P},
  year={1993},
  school={Air Force Institute of Technology}
}

%skill set learned by pilots in AF make civ airline jobs more %attractive - skill set in high demand in private sector; can't 
%compete with pay, must compensate in other ways

@techreport{asch-hosek-2004,
  title={{Looking to the Future: What Does Transformation Mean for Military Manpower and Personnel Policy}},
  author={Asch, Beth and Hosek, James R},
  year={2004},
  institution={RAND Corporation},
  address={Santa Monica, CA},
  type={{OP-108-OSD}}
}
% talks about how transformation of manpower policies will affect
%retention, how past policies have been effective in attacting high %quality personnel, how trans requires flex in using people and 
% greater incentives for innovation, creativity, entrepreneurship

@techreport{asch-1993,
  title={{Designing Military Pay: Contributions and Implications of the Economics Literature}},
  author={Asch, Beth J},
  year={1993},
  institution={RAND Corporation},
  address={Santa Monica, CA},
  type={{MR-161-FMP}}
}
%discusses guidelines for mil pay to remain attractive; levels should
%be at least a great as indv next best opportunity; compensation 
%contingent upon performance incr motivation; comp can be pay, job amenities, retirement; should include risk aversion  

@techreport{saving-etal-1985,
  title={{Retention of Air Force Enlisted Personnel: An Empirical Examination}},
  author={Saving, Thomas R and Stone, Brice M and Looper, Larry T and Taylor, John N},
  year={1985},
  institution={Air Force Human Research Laboratory},
  address={Brooks AFB, TX},
  type={{AFHRL-TP-85-6}}
}
%describe interaction bt labor economy and mil retention; model total
%force retention and retention in indv career fields; demographic factor become less important after being in military for a while; 

@mastersthesis{grimes-1987,
  title={{The Effects of Economic Conditions on Overall Air Force Officer Attrition.}},
  author={Grimes, Gary R},
  year={1987},
  school={Naval Postgraduate School}
}
%grimes includes an economic var - unemployment rate - to predict 6-12
%officer loss estimates, does not improve; used linear, loglin, linlog, loglog regression; cites serial correlation as source of error

@article{gass-1991,
  title = {{Military Manpower Planning Models}},
  journal = {Computers \& Operations Research},
  volume = {18},
  number = {1},
  pages = {65 - 73},
  year = {1991},
  issn = {0305-0548},
  doi = {https://doi.org/10.1016/0305-0548(91)90043-Q},
  url = {http://www.sciencedirect.com/science/article/pii/030505489190043Q},
  author = "Saul I. Gass"
}

@mastersthesis{gjurich-1999,
  title={{A Predictive Model of Surface Warfare Officer Retention: Factors Affecting Turnover}},
  author={Gjurich, Gregory D},
  year={1999},
  school={Monterey, California. Naval Postgraduate School}
}
%log regression, regression tree, classification to predict swo %retention levels; monetary factors not maj attrition determinants;
% long-term opportunities in military, not concerned with ability to 
% secure civ employment; could do better in civ workplace for pay and 
% benefits

@mastersthesis{demirel-2002,
  title = {{A Statistical Analysis of Officer Retention in the U. S. Military}},
  author = {Demirel, Turgay},
  year = {2002},
  school = {Naval Postgraduate School}
}

@article{ramlall-2004,
  title={{A Review of Employee Motivation Theories and their Implications for Employee Retention within Organizations}},
  author={Ramlall, Sunil},
  journal={Journal of American Academy of Business},
  volume={5},
  number={1/2},
  pages={52--63},
  year={2004},
  publisher={Cambridge}
}

@mastersthesis{schofield-2015,
  title={{Non-Rated Air Force Line Officer Attrition Rates Using Survival Analysis}},
  author={Schofield, Jill A},
  school = {Air Force Institute of Technology},
  year={2015}
}
%schofield uses log regression to predict which factors were sig to
% non-rated AF line officer retention, then applied survival analysis

@mastersthesis{franzen-2017,
  title={{Survival Analysis of US Air Force Rated Officer Retention}},
  author={Franzen, Courtney N},
  school = {Air Force Institute of Technology},
  year={2017}
}
% here, franzen applies logistic regression and survival analysis to
% the AF rated officer pop to find that marital status, gender, comiss % source, prior service, dependents, new orders value (econ) were sig
% in modeling retention

@mastersthesis{jantscher-2016,
  title={{An Examination of Economic Metrics as Indicators of Air Force Retention}},
  author={Jantscher, Helen L},
  school = {Air Force Institute of Technology},
  year={2016}
}

@misc{fred-nonfarm-2017, 
  title={{All Employees: Total Nonfarm Payrolls}}, 
  url={https://fred.stlouisfed.org/series/PAYEMS}, 
  journal={FRED}, 
  publisher={Federal Reserve Bank of St. Louis}, 
  year={2017}, month={Dec}}
  % citing the nonfarm information from the st louis fed
  
  
@Manual{r-cite,
  title = {R: A Language and Environment for Statistical Computing},
  author = {{R Core Team}},
  organization = {R Foundation for Statistical Computing},
  address = {Vienna, Austria},
  year = {2013},
  url = {http://www.R-project.org/},}
% giving credit to R

@Manual{rstudio-cite, 
  title = {RStudio: Integrated Development Environment for R},
  author = {{RStudio Team}}, 
  organization = {RStudio, Inc.}, 
  address = {Boston, MA}, 
  year = {2015}, url = {http://www.rstudio.com/}, }
  % and to RSstudio

